<collection xmlns="http://www.loc.gov/MARC21/slim">
<record>
  <leader>01149nam0a22002171i 450 </leader>
  <controlfield tag="001">IT\ICCU\CNCE\079206</controlfield>
  <controlfield tag="005">20170928000000.0</controlfield>
  <datafield tag="012" ind1=" " ind2=" ">
    <subfield code="a">lee&apos; eoa- e?on prst (3) 1580 (A)</subfield>
    <subfield code="2">fei</subfield>
  </datafield>
  <datafield tag="100" ind1=" " ind2=" ">
    <subfield code="a">20160630d1580        0itac0103    ba</subfield>
  </datafield>
  <datafield tag="101" ind1=" " ind2=" ">
    <subfield code="a">ITA</subfield>
  </datafield>
  <datafield tag="102" ind1=" " ind2=" ">
    <subfield code="a">IT</subfield>
  </datafield>
  <datafield tag="200" ind1="1" ind2=" ">
    <subfield code="a">℗La ℗guerra contra il peccato. Composta per f. Cipriano Verardi di Brescia, dell&apos;ordine de Serui. A beneficio di quelli che desiderano star fuori del peccato</subfield>
  </datafield>
  <datafield tag="210" ind1=" " ind2=" ">
    <subfield code="a">In Brescia</subfield>
    <subfield code="c">appresso Giacomo</subfield>
    <subfield code="d">&amp; Policreto di Turlini</subfield>
    <subfield code="d">1580</subfield>
    <subfield code="e">In Brescia</subfield>
    <subfield code="g">appresso Giacomo</subfield>
    <subfield code="h">&amp; Policreto di Turlini</subfield>
    <subfield code="h">1580</subfield>
  </datafield>
  <datafield tag="215" ind1=" " ind2=" ">
    <subfield code="a">\24!, 224 \i. e. 212!, \4! p.</subfield>
    <subfield code="d">12ʻ</subfield>
  </datafield>
  <datafield tag="620" ind1=" " ind2=" ">
    <subfield code="a">IT</subfield>
    <subfield code="d">Brescia</subfield>
  </datafield>
  <datafield tag="700" ind1=" " ind2="1">
    <subfield code="a">Verardi,</subfield>
    <subfield code="b">Cipriano</subfield>
    <subfield code="3">IT\ICCU\CNCA\008353</subfield>
  </datafield>
  <datafield tag="712" ind1="0" ind2="0">
    <subfield code="a">Turlino, Giacomo &amp; Turlino, Policreto</subfield>
    <subfield code="3">IT\ICCU\CNCT\001650</subfield>
    <subfield code="4">650</subfield>
  </datafield>
  <datafield tag="801" ind1=" " ind2="3">
    <subfield code="a">IT</subfield>
    <subfield code="b">ICCU</subfield>
    <subfield code="c">20201115</subfield>
  </datafield>
  <datafield tag="899" ind1=" " ind2=" ">
    <subfield code="a">Biblioteca universitaria. Pavia</subfield>
    <subfield code="1">PV0291</subfield>
    <subfield code="2">MIL UP</subfield>
  </datafield>
  <datafield tag="911" ind1=" " ind2=" ">
    <subfield code="a">Sul front.</subfield>
    <subfield code="9">IT\ICCU\CNCM\002637</subfield>
  </datafield>
  <datafield tag="921" ind1=" " ind2=" ">
    <subfield code="a">IT\ICCU\CNCM\002637</subfield>
    <subfield code="b">Monogramma di Cristo (iniziali I.H.S. sormontate da croce) nell&apos;ostia radiante. In basso e in alto simboli della passione. In cornice.</subfield>
    <subfield code="c">U1151</subfield>
    <subfield code="d">mm. 26 x 30</subfield>
    <subfield code="f">MONOGRAMMA</subfield>
    <subfield code="f">CRISTO</subfield>
    <subfield code="f">IHS</subfield>
    <subfield code="f">CROCE</subfield>
    <subfield code="f">CALICE</subfield>
    <subfield code="g">1574-1580</subfield>
  </datafield>
</record>
</collection>
